@article{CB00,
 author = {Chamillard, A. T. and Braun, Kim A.},
 title = {Evaluating programming ability in an introductory computer science course},
 journal = {SIGCSE Bull.},
 issue_date = {Mar. 2000},
 volume = {32},
 number = {1},
 month = mar,
 year = {2000},
 issn = {0097-8418},
 pages = {212--216},
 numpages = {5},
 url = {http://doi.acm.org/10.1145/331795.331857},
 doi = {10.1145/331795.331857},
 acmid = {331857},
 publisher = {ACM},
 address = {New York, NY, USA},
 keywords = {collaborative learning, introductory computer science, programming ability, programming evaluation},
}
